@misc{ unityweb,
   author = "Unity Technologies",
   title = "Unity 3D",
   url = "https://unity3d.com/es/"
}

@misc{ bluerajacola,
   author = "BlueRaja",
   title = "High Speed Priority Queue for C\#",
   year = "2016",
   url = "https://github.com/BlueRaja/High-Speed-Priority-Queue-for-C-Sharp"
}
