@misc{thetaestrella,
	author = "Alex Nash and Kenny Daniel and Sven Koenig and Ariel Felner",
	title = "Theta*: Any-Angle Path Planning on Grids"
}

@misc{bezierdevmag,
	author = "Herman Tulleken",
	title = "Bézier Curves for your Games: A Tutorial",
	url = "\url{http://devmag.org.za/2011/04/05/bzier-curves-a-tutorial/}"
}

@misc{bezierdevmag_imagen,
	author = "Herman Tulleken",
	title = "Bézier Curves for your Games: A Tutorial. Quadratic curve",
	url = "\url{http://devmag.org.za/blog/wp-content/uploads/2011/04/bezier_2.png}"
}

@misc{ wiki:bezier,
   author = "Wikipedia",
   title = "Bézier curve --- Wikipedia{,} The Free Encyclopedia",
   year = "2017",
   url = "\url{https://en.wikipedia.org/w/index.php?title=B%C3%A9zier_curve&oldid=783711812}"
}

@misc{ wiki:bezierimagen,
   author = "Wikipedia",
   title = "Construction of a quadratic Bézier curve",
   year = "2017",
   url = "\url{https://en.wikipedia.org/wiki/B%C3%A9zier_curve#/media/File:B%C3%A9zier_2_big.svg}"
}

